@inproceedings{li2012modeling,
  title={Modeling and executing electronic health records driven phenotyping algorithms using the NQF Quality Data Model and JBoss{\textregistered} Drools engine},
  author={Li, Dingcheng and Endle, Cory M and Murthy, Sahana and Stancl, Craig and Suesse, Dale and Sottara, Davide and Huff, Stanley M and Chute, Christopher G and Pathak, Jyotishman},
  booktitle={AMIA Annual Symposium Proceedings},
  volume={2012},
  pages={532},
  year={2012},
  organization={American Medical Informatics Association}
}

@article{pathak2013normalization,
  title={Normalization and standardization of electronic health records for high-throughput phenotyping: the SHARPn consortium},
  author={Pathak, Jyotishman and Bailey, Kent R and Beebe, Calvin E and Bethard, Steven and Carrell, David S and Chen, Pei J and Dligach, Dmitriy and Endle, Cory M and Hart, Lacey A and Haug, Peter J and others},
  journal={Journal of the American Medical Informatics Association},
  volume={20},
  number={e2},
  pages={e341--e348},
  year={2013},
  publisher={BMJ Publishing Group Ltd}
}

@article{rea2012building,
  title={Building a robust, scalable and standards-driven infrastructure for secondary use of EHR data: The SHARPn project},
  author={Rea, Susan and Pathak, Jyotishman and Savova, Guergana and Oniki, Thomas A and Westberg, Les and Beebe, Calvin E and Tao, Cui and Parker, Craig G and Haug, Peter J and Huff, Stanley M and others},
  journal={Journal of biomedical informatics},
  volume={45},
  number={4},
  pages={763--771},
  year={2012},
  publisher={Elsevier}
}

@article{behilngquality,
  title={Quality Data Model Based Health Quality Measures Format (eMeasure) Implementation Guide, Release 1 (US Realm) Based on HL7 HQMF Release 2.0},
  author={Behilng, Diana and Davis, Didi and Sherman, Gennady and Fitzmaurice, J Michael and Klann, Jeffrey and Steele, Julie and Mallampalli, Jyothi and Lang,
}

@article{dean2008mapreduce,
  title={MapReduce: simplified data processing on large clusters},
  author={Dean, Jeffrey and Ghemawat, Sanjay},
  journal={Communications of the ACM},
  volume={51},
  number={1},
  pages={107--113},
  year={2008},
  publisher={ACM}
}

@article{pathak2013normalization,
  title={Normalization and standardization of electronic health records for high-throughput phenotyping: the SHARPn consortium},
  author={Pathak, Jyotishman and Bailey, Kent R and Beebe, Calvin E and Bethard, Steven and Carrell, David S and Chen, Pei J and Dligach, Dmitriy and Endle, Cory M and Hart, Lacey A and Haug, Peter J and others},
  journal={Journal of the American Medical Informatics Association},
  volume={20},
  number={e2},
  pages={e341--e348},
  year={2013},
  publisher={BMJ Publishing Group Ltd}
}

@article{dean2008mapreduce,
  title={MapReduce: simplified data processing on large clusters},
  author={Dean, Jeffrey and Ghemawat, Sanjay},
  journal={Communications of the ACM},
  volume={51},
  number={1},
  pages={107--113},
  year={2008},
  publisher={ACM}
}

@inproceedings{wang2009hadoop,
  title={Hadoop high availability through metadata replication},
  author={Wang, Feng and Qiu, Jie and Yang, Jie and Dong, Bo and Li, Xinhui and Li, Ying},
  booktitle={Proceedings of the first international workshop on Cloud data management},
  pages={37--44},
  year={2009},
  organization={ACM}
}

@inproceedings{thompson2012evaluation,
  title={An evaluation of the NQF Quality Data Model for representing Electronic Health Record driven phenotyping algorithms},
  author={Thompson, William K and Rasmussen, Luke V and Pacheco, Jennifer A and Peissig, Peggy L and Denny, Joshua C and Kho, Abel N and Miller, Aaron and Pathak, Jyotishman},
  booktitle={AMIA Annual Symposium Proceedings},
  volume={2012},
  pages={911},
  year={2012},
  organization={American Medical Informatics Association}
}

@article{forgy1982rete,
  title={Rete: A fast algorithm for the many pattern/many object pattern match problem},
  author={Forgy, Charles L},
  journal={Artificial intelligence},
  volume={19},
  number={1},
  pages={17--37},
  year={1982},
  publisher={Elsevier}
}

@article{steindel2010oids,
  title={OIDs: how can I express you? Let me count the ways},
  author={Steindel, Steven J},
  journal={Journal of the American Medical Informatics Association},
  volume={17},
  number={2},
  pages={144--147},
  year={2010},
  publisher={BMJ Publishing Group Ltd}
}

@inproceedings{winnenburg2012issues,
  title={Issues in creating and maintaining value sets for clinical quality measures},
  author={Winnenburg, Rainer and Bodenreider, Olivier},
  booktitle={AMIA Annual Symposium Proceedings},
  volume={2012},
  pages={988},
  year={2012},
  organization={American Medical Informatics Association}
}

@article{garlan1993introduction,
  title={An introduction to software architecture},
  author={Garlan, David and Shaw, Mary},
  journal={Advances in software engineering and knowledge engineering},
  volume={1},
  pages={1--40},
  year={1993},
  publisher={Singapore}
}

@inproceedings{sullivan2001structure,
  title={The structure and value of modularity in software design},
  author={Sullivan, Kevin J and Griswold, William G and Cai, Yuanfang and Hallen, Ben},
  booktitle={ACM SIGSOFT Software Engineering Notes},
  volume={26},
  number={5},
  pages={99--108},
  year={2001},
  organization={ACM}
}

@article{chung2008automated,
  title={Automated on-chip rapid microscopy, phenotyping and sorting of C. elegans},
  author={Chung, Kwanghun and Crane, Matthew M and Lu, Hang},
  journal={Nature methods},
  volume={5},
  number={7},
  pages={637--643},
  year={2008},
  publisher={Nature Publishing Group}
}

@article{kyzar2011towards,
  title={Towards high-throughput phenotyping of complex patterned behaviors in rodents: focus on mouse self-grooming and its sequencing},
  author={Kyzar, Evan and Gaikwad, Siddharth and Roth, Andrew and Green, Jeremy and Pham, Mimi and Stewart, Adam and Liang, Yiqing and Kobla, Vikrant and Kalueff, Allan V},
  journal={Behavioural brain research},
  volume={225},
  number={2},
  pages={426--431},
  year={2011},
  publisher={Elsevier}
}

@inproceedings{chute2011sharpn,
  title={The SHARPn project on secondary use of Electronic Medical Record data: progress, plans, and possibilities},
  author={Chute, Christopher G and Pathak, Jyotishman and Savova, Guergana K and Bailey, Kent R and Schor, Marshall I and Hart, Lacey A and Beebe, Calvin E and Huff, Stanley M},
  booktitle={AMIA Annual Symposium Proceedings},
  volume={2011},
  pages={248},
  year={2011},
  organization={American Medical Informatics Association}
}

@article{garlan1993introduction,
  title={An introduction to software architecture},
  author={Garlan, David and Shaw, Mary},
  journal={Advances in software engineering and knowledge engineering},
  volume={1},
  pages={1--40},
  year={1993},
  publisher={Singapore}
}

@Misc{cts2,
        title = {Common Terminology Services 2 {(CTS2)} },
        year = 2012,
        mon = nov,
        key = "cts2",
        Howpublished = {http://www.omg.org/spec/CTS2/1.0}
}

@Misc{specific_occurences,
        title = {CLINICAL QUALITY MEASURE LOGIC AND IMPLEMENTATION GUIDANCE},
        year = 2013,
        mon = mar,
        key = "specific_occurences2",
        Howpublished = {http://projectcypress.org/documents/2014\_eCQM\_Specific\_Occurrence\_v14.pdf}
}

@incollection{tao2013phenotyping,
  title={Phenotyping on EHR data using OWL and semantic web technologies},
  author={Tao, Cui and Li, Dingcheng and Shen, Feichen and Lian, Zonghui and Pathak, Jyotishman and Liu, Hongfang and Chute, Christopher G},
  booktitle={Smart Health},
  pages={31--32},
  year={2013},
  publisher={Springer}
}

@inproceedings{li2012modeling,
  title={Modeling and executing electronic health records driven phenotyping algorithms using the NQF Quality Data Model and JBoss{\textregistered} Drools engine},
  author={Li, Dingcheng and Endle, Cory M and Murthy, Sahana and Stancl, Craig and Suesse, Dale and Sottara, Davide and Huff, Stanley M and Chute, Christopher G and Pathak, Jyotishman},
  booktitle={AMIA Annual Symposium Proceedings},
  volume={2012},
  pages={532},
  year={2012},
  organization={American Medical Informatics Association}
}

@article{ross2010analysis,
  title={Analysis of eligibility criteria complexity in clinical trials},
  author={Ross, Jessica and Tu, Samson and Carini, Simona and Sim, Ida},
  journal={AMIA Summits on Translational Science Proceedings},
  volume={2010},
  pages={46},
  year={2010},
  publisher={American Medical Informatics Association}
}

@book{bali2013drools,
  title={Drools JBoss Rules 5. X Developer's Guide},
  author={Bali, Michal},
  year={2013},
  publisher={Packt Publishing Ltd}
}
